@online{envoy,
    author = "Envoy",
    title = "Envoy Proxy",
    url  = "https://www.envoyproxy.io/",
    keywords = "envoy"
}


@online{varnish,
    author = "Varnish",
    title = "Varnish Cache",
    url  = "https://varnish-cache.org/",
    keywords = "varnish,cache"
}

